<?xml version="1.0" encoding="UTF-8"?><record xmlns="http://www.loc.gov/MARC21/slim" xmlns:cinclude="http://apache.org/cocoon/include/1.0" xmlns:zs="http://www.loc.gov/zing/srw/">
  <leader>00411nz  a2200121n  4500</leader>
  <controlfield tag="001">no 91008747 </controlfield>
  <controlfield tag="003">DLC</controlfield>
  <controlfield tag="005">19910405061406.6</controlfield>
  <controlfield tag="008">910404n| acannaab|          |n aaa     c</controlfield>
  <datafield tag="010" ind1=" " ind2=" ">
    <subfield code="a">no 91008747 </subfield>
  </datafield>
  <datafield tag="040" ind1=" " ind2=" ">
    <subfield code="a">InU</subfield>
    <subfield code="c">InU</subfield>
  </datafield>
  <datafield tag="100" ind1="1" ind2="0">
    <subfield code="a">Kim, Jooheon,</subfield>
    <subfield code="d">1960-</subfield>
  </datafield>
  <datafield tag="670" ind1=" " ind2=" ">
    <subfield code="a">His Marketing channel decisions of foreign manufacturing subsidiaries in the U.S., 1989:</subfield>
    <subfield code="b">t.p. (Jooheon Kim) leaf 166 (b. 4/3/69, Yesan, Choongnam, Korea)</subfield>
  </datafield>
</record>